<?xml version="1.0" encoding="UTF-8"?><collection xmlns="http://www.loc.gov/MARC21/slim"><record><leader>00663nam--2200205-i-4500</leader><controlfield tag="001">000024213</controlfield><controlfield tag="002">20161230</controlfield><controlfield tag="005">20161230201035</controlfield><controlfield tag="008">060222s1000------------r-----000-0-eng-d</controlfield><datafield ind1=" " ind2=" " tag="020"><subfield code="a">0080261256</subfield></datafield><datafield ind1=" " ind2=" " tag="040"><subfield code="a">IFIN-HH</subfield></datafield><datafield ind1=" " ind2=" " tag="080"><subfield code="a">539.173.4:539.17.02</subfield></datafield><datafield ind1="1" ind2=" " tag="100"><subfield code="a">James, G.S</subfield></datafield><datafield ind1="1" ind2="0" tag="245"><subfield code="a">Nuclear fission and neutron-induced fission cross- sections</subfield><subfield code="c">G.d. james, j.e. lynn, a. michaudon, j. rowlands, g.de saussure</subfield></datafield><datafield ind1=" " ind2=" " tag="260"><subfield code="a">Oxford</subfield><subfield code="b">Pergamon Press</subfield><subfield code="c">1981</subfield></datafield><datafield ind1=" " ind2=" " tag="300"><subfield code="a">XIII + 277 P</subfield></datafield><datafield ind1=" " ind2=" " tag="490"><subfield code="a">Neutron Physics And Nuclear Data In Science And Technology</subfield><subfield code="v">Volume 1</subfield></datafield><datafield ind1="1" ind2=" " tag="700"><subfield code="a">Saussure, G. De</subfield></datafield><datafield ind1=" " ind2=" " tag="852"><subfield code="a">70776</subfield><subfield code="c">539.17</subfield></datafield><datafield ind1=" " ind2=" " tag="CAT"><subfield code="a">Sys</subfield><subfield code="c">20120621</subfield><subfield code="h">130421</subfield></datafield></record></collection>